 @book{sutton_bach_barto_2018, 
 place={Massachusetts}, 
 title={Reinforcement learning: An introduction}, 
 publisher={MIT Press Ltd}, 
 author={Sutton, Richard S. and Bach, Francis and Barto, Andrew G.}, 
 year={2018}} 